@inproceedings{zimmer2004tuna,
	title={Tuna: ontology-based source code navigation and annotation},
	author={Zimmer, Christian and Rauschmayer, Axel},
	booktitle={Workshop Ontologies as Software Engineering Artifacts in OOSPLA},
	year={2004}
}

@inproceedings{atzeni2017codeontology,
	title={CodeOntology: RDF-ization of source code},
	author={Atzeni, Mattia and Atzori, Maurizio},
	booktitle={International Semantic Web Conference},
	pages={20--28},
	year={2017},
	organization={Springer}
}

@article{alnusair2012source,
	title={Source Code Representation Ontology (SCRO)},
	author={Alnusair, A and Zhao, T},
	journal={Design Pattern Ontologies, and Framework Ontologies},
	year={2012}
}

@inproceedings{karnalim2016detecting,
	title={Detecting source code plagiarism on introductory programming course assignments using a bytecode approach},
	author={Karnalim, Oscar},
	booktitle={2016 International Conference on Information \& Communication Technology and Systems (ICTS)},
	pages={63--68},
	year={2016},
	organization={IEEE}
}

@misc{XTM,
  title = {{XML Topic Maps} (XTM) 1.0},
  year = 2001,
  howpublished = {\url{http://www.topicmaps.org/xtm/}},
  note = {Accessed: 2019-09-21}
}

